<?xml version="1.0" encoding="UTF-8"?>
<collection xmlns:xsi="http://www.w3.org/2001/XMLSchema-instance" xsi:schemaLocation="http://www.loc.gov/MARC21/slim http://www.loc.gov/standards/marcxml/schema/MARC21slim.xsd" xmlns="http://www.loc.gov/MARC21/slim">
<record>
  <leader>01090cam a2200265K  4500</leader>
  <controlfield tag="001">4200096</controlfield>
  <controlfield tag="003">NNC</controlfield>
  <controlfield tag="005">20130428121938.0</controlfield>
  <controlfield tag="008">810611s1933    le c          000 0 ara d</controlfield>
  <datafield tag="035" ind1=" " ind2=" ">
    <subfield code="a">(OCoLC)ocm07497823</subfield>
  </datafield>
  <datafield tag="035" ind1=" " ind2=" ">
    <subfield code="a">(NNC)4200096</subfield>
  </datafield>
  <datafield tag="040" ind1=" " ind2=" ">
    <subfield code="a">CLE</subfield>
    <subfield code="c">CLE</subfield>
    <subfield code="d">OCL</subfield>
    <subfield code="d">OCLCQ</subfield>
    <subfield code="d">ZCU</subfield>
  </datafield>
  <datafield tag="041" ind1="1" ind2=" ">
    <subfield code="a">ara</subfield>
    <subfield code="h">ger</subfield>
  </datafield>
  <datafield tag="099" ind1=" " ind2=" ">
    <subfield code="a">892.08</subfield>
    <subfield code="a">Am35</subfield>
    <subfield code="a">no.4</subfield>
  </datafield>
  <datafield tag="100" ind1="1" ind2=" ">
    <subfield code="a">Nöldeke, Theodor,</subfield>
    <subfield code="d">1836-1930.</subfield>
  </datafield>
  <datafield tag="245" ind1="1" ind2="4">
    <subfield code="a">The princes of Ghassān from the house of Gafna,</subfield>
    <subfield code="c">tr. into Arabic from the original German, and provided with the author's last corrections, by Pendali Jousé [&amp;] Costi K. Zurayk.</subfield>
  </datafield>
  <datafield tag="260" ind1=" " ind2=" ">
    <subfield code="a">[Beirut]</subfield>
    <subfield code="b">Printed at the Catholic press,</subfield>
    <subfield code="c">1933.</subfield>
  </datafield>
  <datafield tag="300" ind1=" " ind2=" ">
    <subfield code="a">[4], 82, 12 p.,</subfield>
    <subfield code="b">front. (incl. port.)</subfield>
  </datafield>
  <datafield tag="490" ind1="1" ind2=" ">
    <subfield code="a">American University of Beirut. Faculty of Arts and Sciences. Publications: Oriental series,</subfield>
    <subfield code="v">no. 4</subfield>
  </datafield>
  <datafield tag="651" ind1=" " ind2="0">
    <subfield code="a">Ghassan (Kingdom) Arabia.</subfield>
  </datafield>
  <datafield tag="651" ind1=" " ind2="0">
    <subfield code="a">Arabian Peninsula</subfield>
    <subfield code="x">History.</subfield>
  </datafield>
  <datafield tag="700" ind1="1" ind2=" ">
    <subfield code="a">Jousé, Pendali,</subfield>
    <subfield code="e">translator.</subfield>
  </datafield>
  <datafield tag="700" ind1="1" ind2=" ">
    <subfield code="a">Zurayk, Costi K.,</subfield>
    <subfield code="e">translator.</subfield>
  </datafield>
  <datafield tag="830" ind1=" " ind2="0">
    <subfield code="a">Publication of the Faculty of Arts and Sciences.</subfield>
    <subfield code="p">Oriental series ;</subfield>
    <subfield code="v">no. 4.</subfield>
  </datafield>
  <datafield tag="955" ind1=" " ind2=" ">
    <subfield code="b">0051710960</subfield>
    <subfield code="d">off,glx</subfield>
    <subfield code="e">892.08 Am35 no.4</subfield>
  </datafield>
</record>
</collection>